@inproceedings{godiksen,
  author       = {Christian Godiksen and
                  Thomas Herrmann and
                  Hans H{\"{u}}ttel and
                  Mikkel Korup Lauridsen and
                  Iman Owliaie},
  editor       = {Sam Lindley and
                  Torben {\AE}. Mogensen},
  title        = {A type-safe structure editor calculus},
  booktitle    = {Proceedings of the 2021 {ACM} {SIGPLAN} Workshop on Partial Evaluation
                  and Program Manipulation, PEPM@POPL 2021, Virtual Event, Denmark,
                  January 18-19, 2021},
  pages        = {1--13},
  publisher    = {{ACM}},
  year         = {2021},
  url          = {https://doi.org/10.1145/3441296.3441393},
  doi          = {10.1145/3441296.3441393},
  timestamp    = {Sat, 08 Jan 2022 02:24:34 +0100},
  biburl       = {https://dblp.org/rec/conf/pepm/GodiksenHHLO21.bib},
  bibsource    = {dblp computer science bibliography, https://dblp.org}
}

@inproceedings{centaur,
  author       = {Patrick Borras and
                  Dominique Cl{\'{e}}ment and
                  Th. Despeyroux and
                  Janet Incerpi and
                  Gilles Kahn and
                  Bernard Lang and
                  V. Pascual},
  editor       = {Peter B. Henderson},
  title        = {{CENTAUR:} The System},
  booktitle    = {Proceedings of the {ACM} {SIGSOFT/SIGPLAN} Software Engineering Symposium
                  on Practical Software Development Environments, Boston, Massachusetts,
                  USA, November 28-30, 1988},
  pages        = {14--24},
  publisher    = {{ACM}},
  year         = {1988},
  url          = {https://doi.org/10.1145/64135.65005},
  doi          = {10.1145/64135.65005},
  timestamp    = {Fri, 09 Jul 2021 14:03:46 +0200},
  biburl       = {https://dblp.org/rec/conf/sde/BorrasCDIKLP88.bib},
  bibsource    = {dblp computer science bibliography, https://dblp.org}
}

@article{cornell,
  author       = {Tim Teitelbaum and
                  Thomas W. Reps},
  title        = {The Cornell Program Synthesizer: {A} Syntax-Directed Programming Environment},
  journal      = {Commun. {ACM}},
  volume       = {24},
  number       = {9},
  pages        = {563--573},
  year         = {1981},
  url          = {https://doi.org/10.1145/358746.358755},
  doi          = {10.1145/358746.358755},
  timestamp    = {Wed, 14 Nov 2018 10:22:33 +0100},
  biburl       = {https://dblp.org/rec/journals/cacm/TeitelbaumR81.bib},
  bibsource    = {dblp computer science bibliography, https://dblp.org}
}

@article{omar,
  author       = {Cyrus Omar and
                  Ian Voysey and
                  Ravi Chugh and
                  Matthew A. Hammer},
  title        = {Live functional programming with typed holes},
  journal      = {Proc. {ACM} Program. Lang.},
  volume       = {3},
  number       = {{POPL}},
  pages        = {14:1--14:32},
  year         = {2019},
  url          = {https://doi.org/10.1145/3290327},
  doi          = {10.1145/3290327},
  timestamp    = {Sat, 30 Sep 2023 10:23:24 +0200},
  biburl       = {https://dblp.org/rec/journals/pacmpl/OmarVCH19.bib},
  bibsource    = {dblp computer science bibliography, https://dblp.org}
}

