@inproceedings{aalborg,
  author    = {Andreas Tor Mortensen and 
               Benjamin Bennetzen and
               Nikolaj Rossander Kristensen and 
               Peter Buus Steffensen},
  title     = {A type-safe generalized editor calculus (Short Paper)},
  pages     = {1--7},
  publisher = {{ACM}},
  year      = {2023}
}

@article{zipper,
  author    = {G{\'{e}}rard P. Huet},
  title     = {The Zipper},
  journal   = {J. Funct. Program.},
  volume    = {7},
  number    = {5},
  pages     = {549--554},
  year      = {1997},
  url       = {https://doi.org/10.1017/s0956796897002864},
  doi       = {10.1017/S0956796897002864},
  timestamp = {Tue, 16 Aug 2022 23:04:53 +0200},
  biburl    = {https://dblp.org/rec/journals/jfp/Huet97.bib},
  bibsource = {dblp computer science bibliography, https://dblp.org}
}

@inproceedings{TYPOL,
  author    = {Thierry Despeyroux},
  editor    = {Gilles Kahn and
               David B. MacQueen and
               Gordon D. Plotkin},
  title     = {Executable Specification of Static Semantics},
  booktitle = {Semantics of Data Types, International Symposium, Sophia-Antipolis,
               France, June 27-29, 1984, Proceedings},
  series    = {Lecture Notes in Computer Science},
  volume    = {173},
  pages     = {215--233},
  publisher = {Springer},
  year      = {1984},
  url       = {https://doi.org/10.1007/3-540-13346-1\_11},
  doi       = {10.1007/3-540-13346-1\_11},
  timestamp = {Tue, 14 May 2019 10:00:38 +0200},
  biburl    = {https://dblp.org/rec/conf/sdt/Despeyroux84.bib},
  bibsource = {dblp computer science bibliography, https://dblp.org}
}

@inproceedings{KU-bach,
  author = {Nicolaj Richs-Jensen and
            Thorbjørn Bülow Bringgaard and 
            Tórur Feilberg Zachariasen},
  title  = {Implementation of a Type-Safe Structure Editor},
  year   = {2023}
}

@incollection{asn1,
  editor    = {Stan Z. Li and
               Anil K. Jain},
  title     = {Abstract Syntax Notation One},
  booktitle = {Encyclopedia of Biometrics},
  pages     = {1},
  publisher = {Springer {US}},
  year      = {2009},
  url       = {https://doi.org/10.1007/978-0-387-73003-5_670},
  doi       = {10.1007/978-0-387-73003-5\_670},
  timestamp = {Fri, 27 Oct 2017 15:34:05 +0200},
  biburl    = {https://dblp.org/rec/reference/bio/X09.bib},
  bibsource = {dblp computer science bibliography, https://dblp.org}
}

@book{c-iso-standard,
  author    = {{ISO}},
  title     = {{ISO\slash IEC 9899:2018 Information technology ---
               Programming languages --- C}},
  publisher = pub-ISO,
  address   = pub-ISO:adr,
  edition   = {Fourth},
  pages     = {520},
  month     = jun,
  url       = {https://www.iso.org/standard/74528.html}
}

@inproceedings{centaur,
  author    = {Patrick Borras and
               Dominique Cl{\'{e}}ment and
               Th. Despeyroux and
               Janet Incerpi and
               Gilles Kahn and
               Bernard Lang and
               V. Pascual},
  editor    = {Peter B. Henderson},
  title     = {{CENTAUR:} The System},
  booktitle = {Proceedings of the {ACM} {SIGSOFT/SIGPLAN} Software Engineering Symposium
               on Practical Software Development Environments, Boston, Massachusetts,
               USA, November 28-30, 1988},
  pages     = {14--24},
  publisher = {{ACM}},
  year      = {1988},
  url       = {https://doi.org/10.1145/64135.65005},
  doi       = {10.1145/64135.65005},
  timestamp = {Fri, 09 Jul 2021 14:03:46 +0200},
  biburl    = {https://dblp.org/rec/conf/sde/BorrasCDIKLP88.bib},
  bibsource = {dblp computer science bibliography, https://dblp.org}
}
@misc{elm-alg-data-types,
  title        = {Custom Types},
  author       = {Elm Official Guide},
  note         = {Accessed: 13/03/2024},
  howpublished = {\url{https://guide.elm-lang.org/types/custom_types}}
}

@misc{elm-codegen-package,
  title        = {Elm CodeGen},
  author       = {Elm packages},
  note         = {Accessed: 18/03/2024},
  howpublished = {\url{https://package.elm-lang.org/packages/mdgriffith/elm-codegen/latest/}}
}

@misc{elm-records,
  title        = {Records},
  author       = {Evan Czaplicki},
  note         = {Accessed: 13/03/2024},
  howpublished = {\url{https://elm-lang.org/docs/records}}
}

@misc{elm-typeclass-package,
  title        = {Elm Typeclasses},
  author       = {Elm packages},
  note         = {Accessed: 17/04/2024},
  howpublished = {\url{https://package.elm-lang.org/packages/nikita-volkov/typeclasses/latest/}}
}

@inproceedings{godiksen,
  author    = {Christian Godiksen and
               Thomas Herrmann and
               Hans H{\"{u}}ttel and
               Mikkel Korup Lauridsen and
               Iman Owliaie},
  editor    = {Sam Lindley and
               Torben {\AE}. Mogensen},
  title     = {A type-safe structure editor calculus},
  booktitle = {Proceedings of the 2021 {ACM} {SIGPLAN} Workshop on Partial Evaluation
               and Program Manipulation, PEPM@POPL 2021, Virtual Event, Denmark,
               January 18-19, 2021},
  pages     = {1--13},
  publisher = {{ACM}},
  year      = {2021},
  url       = {https://doi.org/10.1145/3441296.3441393},
  doi       = {10.1145/3441296.3441393},
  timestamp = {Sat, 08 Jan 2022 02:24:34 +0100},
  biburl    = {https://dblp.org/rec/conf/pepm/GodiksenHHLO21.bib},
  bibsource = {dblp computer science bibliography, https://dblp.org}
}

@book{harper,
  author    = {Robert Harper},
  title     = {Practical Foundations for Programming Languages (2nd. Ed.)},
  publisher = {Cambridge University Press},
  year      = {2016},
  url       = {https://www.cs.cmu.edu/~rwh/pfpl.html},
  isbn      = {9781107150300},
  timestamp = {Fri, 22 May 2020 12:35:11 +0200},
  biburl    = {https://dblp.org/rec/books/cu/Ha2016.bib},
  bibsource = {dblp computer science bibliography, https://dblp.org}
}

@misc{haskell-alg-data-types,
  title        = {Algebraic data type},
  author       = {Haskell Wiki},
  note         = {Accessed: 13/03/2024},
  howpublished = {\url{https://wiki.haskell.org/Algebraic_data_type}}
}

@misc{haskell-records-named-fields,
  title        = {Named Fields (Record Syntax)},
  author       = {WikiBooks: Haskell},
  note         = {Accessed: 13/03/2024},
  howpublished = {\url{https://en.wikibooks.org/wiki/Haskell/More_on_datatypes}}
}

@book{jones-partial-evaluation,
  author    = {Neil D. Jones and
               Carsten K. Gomard and
               Peter Sestoft},
  title     = {Partial evaluation and automatic program generation},
  series    = {Prentice Hall international series in computer science},
  publisher = {Prentice Hall},
  year      = {1993},
  isbn      = {978-0-13-020249-9},
  timestamp = {Fri, 08 Apr 2011 18:21:02 +0200},
  biburl    = {https://dblp.org/rec/books/daglib/0072559.bib},
  bibsource = {dblp computer science bibliography, https://dblp.org}
}

@article{jones96,
  author    = {Neil D. Jones},
  title     = {An Introduction to Partial Evaluation},
  journal   = {{ACM} Comput. Surv.},
  volume    = {28},
  number    = {3},
  pages     = {480--503},
  year      = {1996},
  url       = {https://doi.org/10.1145/243439.243447},
  doi       = {10.1145/243439.243447},
  timestamp = {Tue, 06 Nov 2018 12:50:49 +0100},
  biburl    = {https://dblp.org/rec/journals/csur/Jones96.bib},
  bibsource = {dblp computer science bibliography, https://dblp.org}
}

@misc{latex-about,
  title        = {Introduction to LaTeX},
  author       = {LaTeX Project Team},
  note         = {Accessed: 11/03/2024},
  howpublished = {\url{https://www.latex-project.org/about/}}
}

@inproceedings{mentor-applications,
  author    = {V{\'{e}}ronique Donzeau{-}Gouge and
               Bernard Lang and
               Bertrand Melese},
  editor    = {Terry A. Straeter and
               William E. Howden and
               Jean{-}Claude Rault},
  title     = {Practical Applications of a Syntax Directed Program Manipulation Environment},
  booktitle = {Proceedings, 7th International Conference on Software Engineering,
               Orlando, Florida, USA, March 26-29, 1984},
  pages     = {346--357},
  publisher = {{IEEE} Computer Society},
  year      = {1984},
  url       = {http://dl.acm.org/citation.cfm?id=801990},
  timestamp = {Mon, 14 May 2012 18:17:20 +0200},
  biburl    = {https://dblp.org/rec/conf/icse/Donzeau-GougeLM84.bib},
  bibsource = {dblp computer science bibliography, https://dblp.org}
}

@article{metal,
  author    = {Gilles Kahn and
               Bernard Lang and
               Bertrand Melese and
               Elham Morcos},
  title     = {Metal: {A} Formalism to Specify Formalisms},
  journal   = {Sci. Comput. Program.},
  volume    = {3},
  number    = {2},
  pages     = {151--188},
  year      = {1983},
  url       = {https://doi.org/10.1016/0167-6423(83)90009-6},
  doi       = {10.1016/0167-6423(83)90009-6},
  timestamp = {Wed, 17 Feb 2021 21:55:53 +0100},
  biburl    = {https://dblp.org/rec/journals/scp/KahnLMM83.bib},
  bibsource = {dblp computer science bibliography, https://dblp.org}
}


@article{omar,
  author    = {Cyrus Omar and
               Ian Voysey and
               Ravi Chugh and
               Matthew A. Hammer},
  title     = {Live functional programming with typed holes},
  journal   = {Proc. {ACM} Program. Lang.},
  volume    = {3},
  number    = {{POPL}},
  pages     = {14:1--14:32},
  year      = {2019},
  url       = {https://doi.org/10.1145/3290327},
  doi       = {10.1145/3290327},
  timestamp = {Sat, 30 Sep 2023 10:23:24 +0200},
  biburl    = {https://dblp.org/rec/journals/pacmpl/OmarVCH19.bib},
  bibsource = {dblp computer science bibliography, https://dblp.org}
}

@misc{postgresql-about,
  title        = {About PostgreSQL},
  author       = {The PostgreSQL Global Development Group},
  note         = {Accessed: 11/03/2024},
  howpublished = {\url{https://www.postgresql.org/about/}}
}

@misc{prog-lang-metrics,
  title        = {Programming languages},
  author       = {GitHub Inc.},
  note         = {Accessed: 27/02/2024},
  howpublished = {\url{https://innovationgraph.github.com/global-metrics/programming-languages}}
}

@article{timtom81,
  author    = {Tim Teitelbaum and
               Thomas W. Reps},
  title     = {The Cornell Program Synthesizer: {A} Syntax-Directed Programming Environment},
  journal   = {Commun. {ACM}},
  volume    = {24},
  number    = {9},
  pages     = {563--573},
  year      = {1981},
  url       = {https://doi.org/10.1145/358746.358755},
  doi       = {10.1145/358746.358755},
  timestamp = {Wed, 14 Nov 2018 10:22:33 +0100},
  biburl    = {https://dblp.org/rec/journals/cacm/TeitelbaumR81.bib},
  bibsource = {dblp computer science bibliography, https://dblp.org}
}

@inproceedings{timtom84,
  author    = {Thomas W. Reps and
               Tim Teitelbaum},
  editor    = {William E. Riddle and
               Peter B. Henderson},
  title     = {The Synthesizer Generator},
  booktitle = {Proceedings of the {ACM} {SIGSOFT/SIGPLAN} Software Engineering Symposium
               on Practical Software Development Environments, Pittsburgh, Pennsylvania,
               USA, April 23-25, 1984},
  pages     = {42--48},
  publisher = {{ACM}},
  year      = {1984},
  url       = {https://doi.org/10.1145/800020.808247},
  doi       = {10.1145/800020.808247},
  timestamp = {Fri, 09 Jul 2021 14:03:46 +0200},
  biburl    = {https://dblp.org/rec/conf/sde/RepsT84.bib},
  bibsource = {dblp computer science bibliography, https://dblp.org}
}

@misc{yacc,
  title        = {Yacc: Yet Another Compiler-Compiler},
  author       = {Stephen C. Johnson},
  note         = {Accessed: 26/03/2024},
  howpublished = {\url{https://www.cs.utexas.edu/users/novak/yaccpaper.htm}}
}

@inproceedings{zephyr,
  author    = {Daniel C. Wang and
               Andrew W. Appel and
               Jeffrey L. Korn and
               Christopher S. Serra},
  editor    = {Chris Ramming},
  title     = {The Zephyr Abstract Syntax Description Language},
  booktitle = {Proceedings of the Conference on Domain-Specific Languages, DSL'97,
               Santa Barbara, California, USA, October 15-17, 1997},
  pages     = {213--228},
  publisher = {{USENIX}},
  year      = {1997},
  url       = {http://www.usenix.org/publications/library/proceedings/dsl97/wang.html},
  timestamp = {Tue, 02 Feb 2021 07:59:35 +0100},
  biburl    = {https://dblp.org/rec/conf/dsl/WangAKS97.bib},
  bibsource = {dblp computer science bibliography, https://dblp.org}
}